@misc{microsoft:contenedores, 
	author={Microsoft Azure},
	title={{¿Qué es un contenedor?}},
	howpublished = "\url{https://azure.microsoft.com/es-es/resources/cloud-computing-dictionary/what-is-a-container/}",
	year = {2023}
}

@misc{medium:kernelspace, 
	author = {Grunert, Sascha},
	title = {{Demystifying Containers - Part I: Kernel Space}},
	howpublished = "\url{https://medium.com/@saschagrunert/demystifying-containers-part-i-kernel-space-2c53d6979504}",
	year = {2019},
	month = {Mar}
}

@misc{docker:overview-architecture,
	author = {Docker Docs},
	title = {{Docker overview - Docker architecture}},
	howpublished = "\url{https://docs.docker.com/get-started/overview/#docker-architecture}",
	year = {2023}
}

@misc{docker:overview-objects,
	author = {Docker Docs},
	title = {{Docker overview - Docker objects}},
	howpublished = "\url{https://docs.docker.com/get-started/overview/#docker-objects}",
	year = {2023}
}

@misc{docker-compose:overview,
	author = {Docker Docs},
	title = {{Docker Compose overview}},
	howpublished = "\url{https://docs.docker.com/compose/}",
	year = {2023}
}

@misc{campusmvp:mvc,
	author = {José María Aguilar},
	title = {{¿Qué es el patrón MVC en programación y por qué es útil?}},
	howpublished = "\url{https://www.campusmvp.es/recursos/post/que-es-el-patron-mvc-en-programacion-y-por-que-es-util.aspx}",
	year = {2019},
	month = {Oct}
}

@misc{easyappcode:mvc,
	author = {Easy App Code},
	title = {{Patrón de diseño MVC. ¿Qué es y cómo puedo utilizarlo?}},
	howpublished = "\url{https://www.easyappcode.com/patron-de-diseno-mvc-que-es-y-como-puedo-utilizarlo}",
	year = {2020},
	month = {Sept}
}

@misc{mdn:html,
	author = {MDN Web Docs},
	title = {{HTML: Lenguaje de etiquetas de hipertexto}},
	howpublished = "\url{https://developer.mozilla.org/es/docs/Web/HTML}",
	year = {2023}
}

@misc{midudev:html,
	author = {Midudev},
	title = {{Curso COMPLETO de HTML GRATIS desde cero: SEO, semántica y más}},
	howpublished = "\url{https://www.youtube.com/watch?v=3nYLTiY5skU}",
	year = {2023},
	month = {Oct}
}

@misc{mdn:css,
	author = {MDN Web Docs},
	title = {{CSS}},
	howpublished = "\url{https://developer.mozilla.org/es/docs/Web/css}",
	year = {2023}
}

@misc{aws:javascript,
	author = {Amazon Web Services},
	title = {{¿Qué es JavaScript?}},
	howpublished = "\url{https://aws.amazon.com/es/what-is/javascript/}",
	year = {2023}
}

@misc{mdn:javascript,
	author = {MDN Web Docs},
	title = {{JavaScript}},
	howpublished = "\url{https://developer.mozilla.org/es/docs/Web/JavaScript}",
	year = {2023}
}

@misc{vscode:main,
	author = {Microsoft},
	title = {{Visual Studio Code}},
	howpublished = "\url{https://code.visualstudio.com/}",
	year = {2023}
}

@misc{aws:java,
	author = {Amazon Web Services},
	title = {{¿Qué es Java?}},
	howpublished = "\url{https://aws.amazon.com/es/what-is/java/}",
	year = {2023}
}

@misc{jetbrains:idea,
	author = {JetBrains},
	title = {{IntelliJ IDEA}},
	howpublished = "\url{https://www.jetbrains.com/es-es/idea/}",
	year = {2023}
}

@misc{jetbrains:students,
	author = {JetBrains},
	title = {{Licencias educativas gratuitas}},
	howpublished = "\url{https://www.jetbrains.com/es-es/community/education/#students}",
	year = {2023}
}

@misc{wikipedia:mysql,
	author = {Wikipedia},
	title = {{MySQL}},
	howpublished = "\url{https://en.wikipedia.org/wiki/MySQL}",
	year = {2023}
}

@misc{atlassian:scrum,
	author = {Atlassian},
	title = {{Qué es scrum y cómo empezar}},
	howpublished = "\url{https://www.atlassian.com/es/agile/scrum}",
	year = {2023}
}

@misc{atlassian:git,
	author = {Atlassian},
	title = {{Qué es Git}},
	howpublished = "\url{https://www.atlassian.com/es/git/tutorials/what-is-git}",
	year = {2023}
}


@misc{git:git-basics,
	author = {Git},
	title = {{Git Basics}},
	howpublished = "\url{https://git-scm.com/book/en/v2}",
	year = {2023}
}

@misc{wikipedia:github,
	author = {Wikipedia},
	title = {{GitHub}},
	howpublished = "\url{https://en.wikipedia.org/wiki/GitHub}",
	year = {2023}
}

@misc{spring:spring-boot,
	author = {Spring},
	title = {{Spring Boot}},
	howpublished = "\url{https://spring.io/projects/spring-boot/}",
	year = {2023}
}

@misc{arquitectura-java:spring-boot,
	author = {Cecilio Álvarez Caules},
	title = {{¿Qué es Spring Boot?}},
	howpublished = "\url{https://www.arquitecturajava.com/que-es-spring-boot/}",
	year = {2023},
	month = {Oct}
}

@misc{kinsta:react,
	author = {Kinsta},
	title = {{¿Qué es React.js? Un Vistazo a la Popular Biblioteca de JavaScript}},
	howpublished = "\url{https://kinsta.com/es/base-de-conocimiento/que-es-react-js/}",
	year = {2023}
}

@misc{geeksforgeeks:virtual-dom,
	author = {Geeks for Geeks},
	title = {{React Virtual DOM}},
	howpublished = "\url{https://www.geeksforgeeks.org/reactjs-virtual-dom/}",
	year = {2023}
}

@misc{react-docs:jsx,
	author = {React Docs},
	title = {{Escribir marcado con JSX}},
	howpublished = "\url{https://es.react.dev/learn/writing-markup-with-jsx}",
	year = {2023}
}

@misc{atomikod:react,
	author = {Jessica Verduzco},
	title = {{Aprendiendo React JS}},
	howpublished = "\url{https://blog.atomikod.com/2020/12/22/aprendiendo-react-js-primeros-pasos-los-conceptos-clave/}",
	year = {2020},
	month = {Dic}
}

@misc{w3schools:bootstrap,
	author = {W3Schools},
	title = {{What is Bootstrap?}},
	howpublished = "\url{https://www.w3schools.com/whatis/whatis_bootstrap.asp}",
	year = {2023}
}

@misc{react-bootstrap:main,
	author = {React Bootstrap},
	title = {{React Bootstrap}},
	howpublished = "\url{https://react-bootstrap.netlify.app/}",
	year = {2023}
}

@misc{campusmvp:jpa,
	author = {José Manuel Alarcón},
	title = {{La API de persistencia de Java: ¿Qué es JPA? - JPA vs Hibernate vs EclipseLink vs Spring JPA}},
	howpublished = "\url{https://www.campusmvp.es/recursos/post/la-api-de-persistencia-de-java-que-es-jpa-jpa-vs-hibernate-vs-eclipselink-vs-spring-jpa.aspx}",
	year = {2021},
	month = {Mar}
}

@misc{postman:main,
	author = {Postman},
	title = {{What is Postman?}},
	howpublished = "\url{https://www.postman.com/product/what-is-postman/}",
	year = {2023}
}

@misc{github-actions:docs,
	author = {GitHub},
	title = {{Documentación de GitHub Actions}},
	howpublished = "\url{https://docs.github.com/es/actions}",
	year = {2023}
}

@misc{nutritionix:main,
	author = {Nutritionix},
	title = {{What is Nutritionix}},
	howpublished = "\url{https://www.nutritionix.com}",
	year = {2023}
}

@misc{tfg-mariya:anexos,
  author={Mariya Aleksandrova Stroyanova},
  title={{TFG del Grado en Ingeniería Informática - Generador de informes nutricionales de la restauración en centros universitarios - Documentación Técnica}},
  howpublished = {\href{run:referencias/GII_ALEKSANDROVA_STOYANOVA_MARIYA_FEBRERO_EXT_2022_anexos.pdf}{Documento PDF}},
  year={2022},
  month={Feb}
}

@misc{tfg-mariya:memoria,
  author={Mariya Aleksandrova Stroyanova},
  title={{TFG del Grado en Ingeniería Informática - Generador de informes nutricionales de la restauración en centros universitarios}},
  howpublished = {\href{run:referencias/GII_ALEKSANDROVA_STOYANOVA_MARIYA_FEBRERO_EXT_2022_memoria.pdf}{Documento PDF}},
  year={2022},
  month={Feb}
}

@misc{cloudflare:http,
	author = {Cloudflare},
	title = {{¿Qué es HTTP?}},
	howpublished = "\url{https://www.cloudflare.com/es-es/learning/ddos/glossary/hypertext-transfer-protocol-http/}",
	year = {2024}
}

@misc{aws:aplicaciones-web,
	author = {Amazon Web Services},
	title = {{¿Qué es una aplicación web?}},
	howpublished = "\url{https://aws.amazon.com/es/what-is/web-application/}",
	year = {2024}
}

@misc{wikipedia:db,
	author = {Wikipedia},
	title = {{Base de datos}},
	howpublished = "\url{https://es.wikipedia.org/wiki/Base_de_datos}",
	year = {2024}
}

@misc{red-hat:api-rest,
	author = {Red Hat},
	title = {{¿Qué es una API REST?}},
	howpublished = "\url{https://www.redhat.com/es/topics/api/what-is-a-rest-api}",
	year = {2024}
}

@misc{platzi:backend-frontend,
	author = {Nicole Chapaval},
	title = {{
Qué es Frontend y Backend: características, diferencias y ejemplos}},
	howpublished = "\url{https://platzi.com/blog/que-es-frontend-y-backend/}",
	year = {2018}
}

@misc{nutritionix:api-info,
	author = {Nutritionix},
	title = {{Nutrition and Exercise API}},
	howpublished = "\url{https://www.nutritionix.com/business/api}",
	year = {2024}
}	

@misc{myfitnesspal:main,
	author = {MyFitnessPal},
	title = {{Página principal}},
	howpublished = "\url{https://www.myfitnesspal.com/es}",
	year = {2024}
}	

@misc{yazio:main,
	author = {Yazio},
	title = {{Página principal}},
	howpublished = "\url{https://www.yazio.com/es}",
	year = {2024}
}	