@book{koza92,
		author    = "Koza, John R.",
		title     = "Genetic Programming: On the Programming of Computers by Means of Natural Selection",
		publisher = "MIT Press",
		year      = "1992"
}


@misc{ wiki:latex,
       author = "Wikipedia",
       title = "LaTeX --- Wikipedia{,} La enciclopedia libre",
       year = "2015",
       url = "https://es.wikipedia.org/w/index.php?title=LaTeX&oldid=84209252",
       note = "[Internet; descargado 30-septiembre-2015]"
}

@misc{medium:spring-boot-in-docker, 
	author = {Mahajan, Vibhor},
	title = {{Developing Spring Boot Applications in Docker locally}},
	howpublished = "\url{https://medium.com/trantor-inc/developing-spring-boot-applications-in-docker-locally-4ec922f4cb45}",
	year = {2021},
	month = {Sep},
	note = "[Internet; descargado 13-junio-2023]" 
}
